
@article{kaufmann2010response,
  title={Response to ‘What do the worldwide governance indicators measure?’},
  author={Kaufmann, Daniel and Kraay, Aart and Mastruzzi, Massimo},
  journal={The European Journal of Development Research},
  volume={22},
  pages={55--58},
  year={2010},
  publisher={Springer}
}


@article{bellin2004,
  title={The Robustness of Authoritarianism in the Middle East: Exceptionalism in Comparative Perspective},
  author={Bellin, Eva},
  journal={Comparative Politics},
  volume={36},
  number={2},
  pages={139--157},
  year={2004},
  publisher={PhD Program in Political Science of the City University of New York}
}


@article{ross2001,
  title={Does Oil Hinder Democracy?},
  author={Ross, Michael L},
  journal={World Politics},
  volume={53},
  number={3},
  pages={325--361},
  year={2001},
  publisher={Cambridge University Press}
}


@article{hall1999,
  title={Why do some countries produce so much more output per worker than others?},
  author={Hall, Robert E. and Jones, Charles I.},
  journal={The Quarterly Journal of Economics},
  volume={114},
  number={1},
  pages={83--116},
  year={1999},
  publisher={Oxford University Press}
}

@article{mauro1995,
  title={Corruption and Growth},
  author={Mauro, Paolo},
  journal={The Quarterly Journal of Economics},
  volume={110},
  number={3},
  pages={681--712},
  year={1995},
  publisher={Oxford University Press}
}

@article{emara2014,
  title={The relationship between governance and per capita income of selected countries in the MENA region},
  author={Emara, Noha and Jhonsa, Ashwini},
  journal={International Journal of Economics, Commerce and Management},
  volume={2},
  number={3},
  pages={1--14},
  year={2014},
  publisher={IJECM}
}


@article{mehanna2010,
  title={Governance and economic development: The case of Middle East and North Africa},
  author={Mehanna, Rock-Antoine and Yazbeck, Rawan and Sarieddine, Samar},
  journal={Middle Eastern Finance and Economics},
  volume={7},
  pages={78--89},
  year={2010}
}


@article{davis2017,
  title={Governance and development: Evidence from Sub-Saharan Africa},
  author={Davis, Lewis S.},
  journal={Iranian Economic Review},
  volume={21},
  number={2},
  pages={201--228},
  year={2017}
}

@article{kaufmann2002,
  title={Governance matters III: Governance indicators for 1996--2002},
  author={Kaufmann, Daniel and Kraay, Aart and Zoido-Lobaton, Pablo},
  journal={The World Bank Economic Review},
  volume={16},
  number={2},
  pages={203--231},
  year={2002},
  publisher={Oxford University Press}
}

@article{keser2018,
  title={Governance and human development: The impacts of governance indicators on human development},
  author={Keser, Aykut and Gökmen, Yılmaz},
  journal={Journal of Public Administration and Governance},
  volume={8},
  number={1},
  year={2018}
}



